@online{techcrunch2022,
    title        = {Google and Solo.io bring Ambient Mesh to Istio},
    author       = {Lardinois, Frederic},
    year         = {2022},
    url          = {https://techcrunch.com/2022/09/08/google-and-solo-io-bring-an-ambient-mesh-to-istio/},
    urldate      = {2023-09-15}
}

@book{posta2022Design,
  title          = {Istio in Action},
  author         = {Posta, C.E. and Maloku, R.},
  isbn           = {9781617295829},
  lccn           = {2022287252},
  url            = {https://books.google.ie/books?id=AGJ0zgEACAAJ},
  pages          = {235--251},
  year           = {2022},
  publisher      = {Manning}
}

@book{posta2022Layers,
  title          = {Istio in Action},
  author         = {Posta, C.E. and Maloku, R.},
  isbn           = {9781617295829},
  lccn           = {2022287252},
  url            = {https://books.google.ie/books?id=AGJ0zgEACAAJ},
  pages          = {57},
  year           = {2022},
  publisher      = {Manning}
}

@book{krochmalski2017docker,
  title     = {Docker and Kubernetes for Java Developers},
  author    = {Krochmalski, Jaroslaw},
  year      = {2017},
  publisher = {Packt Publishing Ltd}
}

@book{ambientExplained,
  title     = {Istio Ambient Explained},
  author    = {Sun, L. and Posta, C.},
  year      = {2022},
  publisher = {O'Reilly Media, Inc.}
}

@book{istioExplained,
  title     = {Istio Explained},
  author    = {Sun, L. and Berg, D.},
  year      = {2020},
  publisher = {O'Reilly Media, Inc.}
}

@online{githubBOA,
    title       = {GoogleCloudPlatform/bank-of-anthos},
    url         = {https://github.com/GoogleCloudPlatform/bank-of-anthos/},
    urldata     = {2023-10-05}
}

@online{istioHoward2022,
    title        = {Introducing Ambient Mesh},
    author       = {Howard, John},
    year         = {2022},
    url          = {https://istio.io/latest/blog/2022/introducing-ambient-mesh/},
    urldate      = {2023-09-15}
}

@online{isovalentGraf2021,
    title        = {How eBPF will solve Service Mesh â€“ Goodbye Sidecars},
    author       = {Graf, Thomas},
    year         = {2021},
    url          = {https://isovalent.com/blog/post/2021-12-08-ebpf-servicemesh/},
    urldate      = {2023-09-16}
}

@online{posedioNeumer2021,
    title        = {Verifying mTLS in an Istio enabled service mesh},
    author       = {Neumer, Tamas},
    year         = {2021},
    url          = {https://blog.posedio.com/blog/verifying-mtls-in-an-istio-enabled-service-mesh},
    urldate      = {2023-09-16}
}

@online{ebpfIODocs,
    title        = {eBPF Documentation},
    url          = {https://ebpf.io/what-is-ebpf/},
    urldate      = {2023-09-17}
}

@online{thenewstackRice2021,
    title        = {How eBPF Streamlines the Service Mesh},
    author       = {Rice, Liz},
    year         = {2021},
    url          = {https://thenewstack.io/how-ebpf-streamlines-the-service-mesh/},
    urldate      = {2023-09-17}
}

@online{istioSun2023,
    title        = {Introducing Rust-Based Ztunnel for Istio Ambient Service Mesh},
    author       = {Sun, Lin},
    year         = {2023},
    url          = {https://istio.io/latest/blog/2023/rust-based-ztunnel/},
    urldate      = {2023-09-21}
}

@online{glooDocs,
    title        = {L4 routing in ambient mesh},
    url          = {https://docs.solo.io/gloo-mesh-enterprise/latest/ambient/architecture/l4-ambient/},
    urldate      = {2023-09-22}
}

@online{mediumSinghal2021,
    title        = {Watch Out for This Istio Proxy Sidecar Memory Pitfall},
    author       = {Singhal, Pranay},
    year         = {2021},
    url          = {https://medium.com/geekculture/watch-out-for-this-istio-proxy-sidecar-memory-pitfall-8dbd99ea7e9d},
    urldate      = {2023-09-23}
}

@online{infoqSunCampbell2023,
    title        = {The Future of Istio: Sidecar-Less and Sidecar with Ambient Mesh},
    author       = {Sun, Lin and Campbell, Matt},
    year         = {2023},
    url          = {https://www.infoq.com/articles/istio-ambient-mesh/},
    urldate      = {2023-09-19}
}

@online{istioNewsVersion,
    title        = {Announcing Istio 1.20.0},
    url          = {https://istio.io/latest/news/releases/1.20.x/announcing-1.20/},
    year         = {2023},
    urldate      = {2023-11-08}
}

@online{istioDocHelm,
    title        = {Upgrade with Helm},
    url          = {https://istio.io/latest/docs/setup/upgrade/helm/},
    urldate      = {2023-11-08}
}

@online{istioDocInstall,
    title       = {Istio FAQ},
    url         = {https://istio.io/latest/about/faq/#install-method-selection},
    urldata     = {2023-10-02}
}

@online{istioDocCanaryUpgrade,
    title       = {Istio Canary Upgrades},
    url         = {https://istio.io/latest/docs/setup/upgrade/canary/},
    urldata     = {2023-11-20}
}

@online{soloGithubPerf,
    title       = {solo-io/ambient-performance},
    url         = {https://github.com/solo-io/ambient-performance/tree/fortio-ambient/dashboard},
    urldata     = {2023-11-05}
}

@online{kubeDocRelease,
    title       = {Kubernetes Release},
    url         = {https://kubernetes.io/releases/},
    urldata     = {2023-11-02}
}

@online{gcpDocRegion,
    title       = {Regions and zones | Compute Engine Documentaion},
    url         = {https://cloud.google.com/compute/docs/regions-zones},
    urldata     = {2023-11-02}
}

@online{locustDoc,
    title       = {What is Locust?},
    url         = {https://docs.locust.io/en/stable/what-is-locust.html},
    urldata     = {2023-11-22}
}

@online{gitMitch2023,
    title       = {Ambient Reference Architecture w/ Argo},
    author      = {Connors, Mitch},
    year        = {2023},
    url         = {https://github.com/istio/istio/tree/master/samples/ambient-argo},
    urldata     = {2023-11-24}
}

@inproceedings{gitopsBook,
  author    = {Ramadoni and Utami, Ema and Fatta, Hanif Al},
  booktitle = {2021 4th International Conference on Information and Communications Technology (ICOIACT)},
  title     = {Analysis on the Use of Declarative and Pull-based Deployment Models on GitOps Using Argo CD},
  year      = {2021},
  pages     = {186-191},
  doi       = {10.1109/ICOIACT53268.2021.9563984}
}

@online{istioReleaseNotes,
    title       = {Istio 1.20.0 Change Notes},
    year        = {2023},
    url         = {https://istio.io/latest/news/releases/1.20.x/announcing-1.20/change-notes/},
    urldata     = {2023-11-22}
}

@online{glooMeshIntro,
    title       = {Gloo mesh},
    url         = {https://www.solo.io/products/gloo-mesh/},
    urldata     = {2023-11-25}
}

@online{JausovecIstio2021,
    title       = {What is Istio operator?},
    author      = {Jausovec, Peter},
    year        = {2021},
    url         = {https://tetrate.io/blog/what-is-istio-operator/},
    urldata     = {2021-11-26}
}

@online{NellisIstio2021,
    title       = {Upgrading Istio without Downtime},
    author      = {Nellis, Nick},
    year        = {2021},
    url         = {https://thenewstack.io/upgrading-istio-without-downtime/},
    urldata     = {2021-11-20}
}

@online{NellisGithub2021,
    title       = {Istio Upgrade Demo},
    author      = {Nellis, Nick},
    year        = {2021},
    url         = {https://github.com/nmnellis/istio-upgrade-demo},
    urldata     = {2021-11-20}
}

@online{postaIstio2021,
    title       = {Safely Upgrade the Istio control plane with revision and tags},
    author      = {Posta, Christian},
    year        = {2021},
    url         = {https://istio.io/v1.16/blog/2021/revision-tags/},
    urldata     = {2021-11-19}
}

@online{williamServiceMesh2017,
    title       = {Service mesh: A critical component of the cloud native stack},
    author      = {Morgan, William},
    year        = {2017},
    url         = {https://www.cncf.io/blog/2017/04/26/service-mesh-critical-component-cloud-native-stack/},
    urldata     = {2021-12-01}
}

@inproceedings{rustAdoption,
  author    = {Parab, Yogesh and Pillai, Samaya},
  booktitle = {2023 7th International Conference on Intelligent Computing and Control Systems (ICICCS)},
  title     = {Cost Optimisation on Cloud by Adoption of Rust Programming},
  year      = {2023},
  volume    = {},
  number    = {},
  pages     = {708-711},
  doi       = {10.1109/ICICCS56967.2023.10142808}
}

@online{multiNsArticle,
  title       = {When and why use multiple Kubernetes namespaces},
  author      = {Barrirero, Exequiel},
  year        = {2019},
  url         = {https://medium.com/binbash-inc/when-and-why-use-multiple-k8s-namespaces-237b632bac5},
  urldata     = {2021-10-01}
}
